@online{
	fw,
	title = "Интернет-портал по информационной безопасности в сети - межсетевой экран [Электронный ресурс]",
	url = "https://safe-surf.ru/glossary/ru/967/?sphrase_id=45658"
}

@online{
	ngfw1,
	title = "Энциклопедия «Касперского» - межсетевой экран нового поколения [Электронный ресурс]",
	url = "https://encyclopedia.kaspersky.ru/glossary/next-generation-firewall-ngfw/#:~:text=NGFW%20(Next%20Generation%20Firewall%2C%20межсетевой,блокировать%20трафик%20на%20уровне%20приложений"
}

@online{
	ngfw2,
	title = "Интерактивный словарь «Сбера» - межсетевой экран нового поколения [Электронный ресурс]",
	url = "https://www.sberbank.ru/ru/person/kibrary/vocabulary/ngfw#:~:text=NGFW%20(Next-Generation%20Firewall%20перевод%20с,брандмауэров%20и%20других%20приложений%20безопасности"
}

@online{
	rubicon,
	title = "РУБИКОН-К [Электронный ресурс]",
	url = "https://npo-echelon.ru/production/65/10595"
}

@online{
	ids,
	title = "Интернет-портал по информационной безопасности в сети - система обнаружения вторжений [Электронный ресурс]",
	url = "https://safe-surf.ru/glossary/ru/1150/?sphrase_id=45681"
}

@online{
	ips,
	title = "Интернет-портал по информационной безопасности в сети - система предотвращения вторжений [Электронный ресурс]",
	url = "https://safe-surf.ru/glossary/ru/1152/?sphrase_id=45681"
}

@online{
	fw4a,
	title = "ФСТЭК - профиль защиты межсетевого экрана типа А четвертого класса защиты
	  [Электронный ресурс]",
	url = "https://fstec.ru/files/582/---12--2016-/1068/--------.pdf"
}

@online{
	fw4b,
	title = "ФСТЭК - профиль защиты межсетевого экрана типа Б четвертого класса защиты
	[Электронный ресурс]",
	url = "https://fstec.ru/files/582/---12--2016-/1074/--------.pdf"
}

@online{
	doc,
	title = "НПЕШ.465614.004РА Руководство администратора. 1996 [Электронный ресурс]",
}