@online{usergate,
	title = "О компании UserGate",
	url = "https://www.usergate.com/ru/company/about-us"
}

@online{usergate_capabilities,
	title = "Возможности виртуального межсетевого экрана <<Usergate>>",
	url = "https://www.usergate.com/ru/products/usergate-vm"
}

